<?xml version="1.0" encoding="UTF-8"?><record xmlns="http://www.loc.gov/MARC21/slim" xmlns:cinclude="http://apache.org/cocoon/include/1.0" xmlns:zs="http://www.loc.gov/zing/srw/">
  <leader>00498cz  a2200145n  4500</leader>
  <controlfield tag="001">n  82034396 </controlfield>
  <controlfield tag="003">DLC</controlfield>
  <controlfield tag="005">20050823120246.0</controlfield>
  <controlfield tag="008">820315n| acannaabn          |n aaa      </controlfield>
  <datafield tag="010" ind1=" " ind2=" ">
    <subfield code="a">n  82034396 </subfield>
    <subfield code="z">no2005075012</subfield>
  </datafield>
  <datafield tag="035" ind1=" " ind2=" ">
    <subfield code="a">(OCoLC)oca00731477</subfield>
  </datafield>
  <datafield tag="040" ind1=" " ind2=" ">
    <subfield code="a">DLC</subfield>
    <subfield code="b">eng</subfield>
    <subfield code="c">DLC</subfield>
    <subfield code="d">IAhCCS</subfield>
    <subfield code="d">DLC</subfield>
  </datafield>
  <datafield tag="100" ind1="1" ind2=" ">
    <subfield code="a">Drobot, Eve</subfield>
  </datafield>
  <datafield tag="670" ind1=" " ind2=" ">
    <subfield code="a">Her Post Emily, 1982:</subfield>
    <subfield code="b">CIP t.p. (Eve Drobot) pub. info. (columnist, Toronto globe and mail)</subfield>
  </datafield>
  <datafield tag="670" ind1=" " ind2=" ">
    <subfield code="a">Money, money, money, 2004:</subfield>
    <subfield code="b">t.p. (Eve Drobot) Can CIP (Drobot, Eve, 1951- )</subfield>
  </datafield>
</record>